@misc{ENAIRE-web,
    author = {Entidad Pública Empresarial ENAIRE},
    title = {Pagina Web Oficial de ENAIRE},
    year = {2019},
    howpublished = "\url{www.enaire.es}",
    note = "[En línea; Último acceso el 21 de agosto de 2019]"
}

@misc{CRIDA-web,
    author = {Centro de Referencia de Investigación, Desarrollo e Innovación ATM},
    title = {CRIDA – Centro de Referencia I+D+i},
    year = {2019},
    howpublished = "\url{www.crida.es}",
    note = "[En línea; Último acceso el 27 de septiembre de 2019]"
}


@article{articulo1,
	author = {Tello Caballo, Faustino and Mateos, Alfonso and Jiménez-Martín, Antonio and Suárez, Adán},
	year = {2018},
	month = {02},
	pages = {1-15},
	title = {The Air Traffic Controller Work-Shift Scheduling Problem in Spain from a Multiobjective Perspective: A Metaheuristic and Regular Expression-Based Approach},
	volume = {2018},
	journal = {Mathematical Problems in Engineering},
	doi = {10.1155/2018/4719178}
}

@article{articulo2,
	author = {Tello Caballo, Faustino and Jiménez-Martín, Antonio and Mateos, Alfonso and Lozano, Pablo},
	year = {2019},
	month = {07},
	pages = {636},
	title = {A Comparative Analysis of Simulated Annealing and Variable Neighborhood Search in the ATCo Work-Shift Scheduling Problem},
	volume = {7},
	journal = {Mathematics},
	doi = {10.3390/math7070636}
}